@article{olfati2007consensus,
  title={Consensus and cooperation in networked multi-agent systems},
  author={Olfati-Saber, Reza and Fax, Alex and Murray, Richard },
  journal={Proceedings of the IEEE},
  volume={95},
  number={1},
  pages={215--233},
  year={2007},
  publisher={IEEE}
}

@article{jadbabaie2003coordination,
  title={Coordination of groups of mobile autonomous agents using nearest neighbor rules},
  author={Jadbabaie, Ali and Lin, Jie and Morse, Stephen},
  journal={IEEE Transactions on automatic control},
  volume={48},
  number={6},
  pages={988--1001},
  year={2003},
  publisher={IEEE}
}

@article{ren2005consensus,
  title={Consensus seeking in multiagent systems under dynamically changing interaction topologies},
  author={Ren, Wei and Beard, Randal},
  journal={IEEE Transactions on automatic control},
  volume={50},
  number={5},
  pages={655--661},
  year={2005},
  publisher={IEEE}
}

@article{mccreery2014cooperative,
  title={Cooperative transport in ants: a review of proximate mechanisms},
  author={McCreery, H and Breed, M},
  journal={Insectes Sociaux},
  volume={61},
  number={2},
  pages={99--110},
  year={2014},
  publisher={Springer}
}

@article{gelblum2015ant,
  title={Ant groups optimally amplify the effect of transiently informed individuals},
  author={Gelblum, Aviram and Pinkoviezky, Itai and Fonio, Ehud and Ghosh, Abhijit and Gov, Nir and Feinerman, Ofer},
  journal={Nature communications},
  volume={6},
  year={2015},
  publisher={Nature Research}
}

@article{donald1997information,
  title={Information invariants for distributed manipulation},
  author={Donald, Bruce and Jennings, James and Rus, Daniela},
  journal={The International Journal of Robotics Research},
  volume={16},
  number={5},
  pages={673--702},
  year={1997},
  publisher={Sage Publications}
}

@inproceedings{rus1995moving,
  title={Moving furniture with teams of autonomous robots},
  author={Rus, Daniela and Donald, Bruce and Jennings, Jim},
  booktitle={Intelligent Robots and Systems 95.'Human Robot Interaction and Cooperative Robots', Proceedings. 1995 IEEE/RSJ International Conference on},
  volume={1},
  pages={235--242},
  year={1995},
  organization={IEEE}
}

@inproceedings{fink2008multi,
  title={Multi-robot manipulation via caging in environments with obstacles},
  author={Fink, Jonathan and Hsieh, Ani and Kumar, Vijay},
  booktitle={Robotics and Automation, 2008. ICRA 2008. IEEE International Conference on},
  pages={1471--1476},
  year={2008},
  organization={IEEE}
}

@article{pereira2004decentralized,
  title={Decentralized algorithms for multi-robot manipulation via caging},
  author={Pereira, Guilherme A and Campos, Mario and Kumar, Vijay},
  journal={The International Journal of Robotics Research},
  volume={23},
  number={7-8},
  pages={783--795},
  year={2004},
  publisher={SAGE Publications}
}

@book{murray1994mathematical,
  title={A mathematical introduction to robotic manipulation},
  author={Murray, Richard and Li, Zexiang and Sastry, Shankar},
  year={1994},
  publisher={CRC press}
}

@incollection{prattichizzo2016grasping,
  title={Grasping},
  author={Prattichizzo, Domenico and Trinkle, Jeffrey },
  booktitle={Springer handbook of robotics},
  pages={955--988},
  year={2016},
  publisher={Springer}
}

@article{li1989grasping,
  title={Grasping and coordinated manipulation by a multifingered robot hand},
  author={Li, Zexiang and Hsu, Ping and Sastry, Shankar},
  journal={The International Journal of Robotics Research},
  volume={8},
  number={4},
  pages={33--50},
  year={1989},
  publisher={Sage Publications}
}

@article{bicchi1995closure,
  title={On the closure properties of robotic grasping},
  author={Bicchi, Antonio},
  journal={The International Journal of Robotics Research},
  volume={14},
  number={4},
  pages={319--334},
  year={1995},
  publisher={Sage Publications Sage CA: Thousand Oaks, CA}
}

@inproceedings{wang2016kinematic,
  title={Kinematic multi-robot manipulation with no communication using force feedback},
  author={Wang, Zijian and Schwager, Mac},
  booktitle={Robotics and Automation (ICRA), 2016 IEEE International Conference on},
  pages={427--432},
  year={2016},
  organization={IEEE}
}

@inproceedings{wang2016ouijabots,
  title={OuijaBots: Omnidirectional robots for cooperative object transport with rotation control using no communication},
  author={Wang, Zijian and Yang, Guang and Su, Xuanshuo and Schwager, Mac},
  booktitle={Proc. Int. Conf. Distrib. Auton. Robot. Syst.},
  year={2016}
}

@incollection{wang2016multi,
  title={Multi-robot manipulation without communication},
  author={Wang, Zijian and Schwager, Mac},
  booktitle={Distributed Autonomous Robotic Systems},
  pages={135--149},
  year={2016},
  publisher={Springer}
}

@inproceedings{wang2015multi,
  title={Multi-robot manipulation with no communication using only local measurements},
  author={Wang, Zijian and Schwager, Mac},
  booktitle={Decision and Control (CDC), 2015 IEEE 54th Annual Conference on},
  pages={380--385},
  year={2015},
  organization={IEEE}
}

@article{wang2016force,
  title={Force-Amplifying N-Robot Transport System (Force-ANTS) for Cooperative Planar Manipulation without Communication},
  author={Wang, Zijian and Schwager, Mac},
  journal={International Journal of Robotics Research},
  volume={35},
  number={13},
  pages={1564--1586},
  year={2016},
  publisher={SAGE Publications}
}

@book{tipler2007physics,
  title={Physics for scientists and engineers},
  author={Tipler, Paul A and Mosca, Gene},
  year={2007},
  publisher={Macmillan}
}
