@inproceedings{martin2016integrated,
  title={An integrated approach to visual perception of articulated objects},
  author={Mart{\'\i}n-Mart{\'\i}n, Roberto and H{\"o}fer, Sebastian and Brock, Oliver},
  booktitle={Robotics and Automation (ICRA), 2016 IEEE International Conference on},
  pages={5091--5097},
  year={2016},
  organization={IEEE}
}

@inproceedings{martin2014online,
  title={Online interactive perception of articulated objects with multi-level recursive estimation based on task-specific priors},
  author={Martin, Roberto Martin and Brock, Oliver},
  booktitle={Intelligent Robots and Systems (IROS 2014), 2014 IEEE/RSJ International Conference on},
  pages={2494--2501},
  year={2014},
  organization={IEEE}
}

@inproceedings{chang2012interactive,
  title={Interactive singulation of objects from a pile},
  author={Chang, Lillian and Smith, Joshua and Fox, Dieter},
  booktitle={Robotics and Automation (ICRA), 2012 IEEE International Conference on},
  pages={3875--3882},
  year={2012},
  organization={IEEE}
}

@inproceedings{sturm2010vision,
  title={Vision-based detection for learning articulation models of cabinet doors and drawers in household environments},
  author={Sturm, J{\"u}rgen and Konolige, Kurt and Stachniss, Cyrill and Burgard, Wolfram},
  booktitle={Robotics and Automation (ICRA), 2010 IEEE International Conference on},
  pages={362--368},
  year={2010},
  organization={IEEE}
}

@inproceedings{katz2013interactive,
  title={Interactive segmentation, tracking, and kinematic modeling of unknown 3d articulated objects},
  author={Katz, Dov and Kazemi, Moslem and Bagnell, J Andrew and Stentz, Anthony},
  booktitle={Robotics and Automation (ICRA), 2013 IEEE International Conference on},
  pages={5003--5010},
  year={2013},
  organization={IEEE}
}

@inproceedings{katz2014interactive,
  title={Interactive perception of articulated objects},
  author={Katz, Dov and Orthey, Andreas and Brock, Oliver},
  booktitle={Experimental Robotics},
  pages={301--315},
  year={2014},
  organization={Springer}
}

@book{thrun2005probabilistic,
  title={Probabilistic robotics},
  author={Thrun, Sebastian and Burgard, Wolfram and Fox, Dieter},
  year={2005},
  publisher={MIT press}
}

@article{tomasi1991detection,
  title={Detection and tracking of point features},
  author={Tomasi, Carlo and Kanade, Takeo},
  year={1991},
  publisher={School of Computer Science, Carnegie Mellon Univ. Pittsburgh}
}

@article{lucas1981iterative,
  title={An iterative image registration technique with an application to stereo vision},
  author={Lucas, Bruce D and Kanade, Takeo and others},
  year={1981},
  publisher={Vancouver, BC, Canada}
}

@article{brock2009learning,
  title={Learning to manipulate articulated objects in unstructured environments using a grounded relational representation},
  author={Katz, Dov and Pyuro, Yuri and Brock, Oliver},
  journal={Robotics: Science and Systems IV},
  pages={254},
  year={2009},
  publisher={MIT Press}
}

@article{krainin2011manipulator,
  title={Manipulator and object tracking for in-hand 3d object modeling},
  author={Krainin, Michael and Henry, Peter and Ren, Xiaofeng and Fox, Dieter},
  journal={The International Journal of Robotics Research},
  volume={30},
  number={11},
  pages={1311--1327},
  year={2011},
  publisher={SAGE Publications Sage UK: London, England}
}

@inproceedings{wuthrich2013probabilistic,
  title={Probabilistic object tracking using a range camera},
  author={W{\"u}thrich, Manuel and Pastor, Peter and Kalakrishnan, Mrinal and Bohg, Jeannette and Schaal, Stefan},
  booktitle={Intelligent Robots and Systems (IROS), 2013 IEEE/RSJ International Conference on},
  pages={3195--3202},
  year={2013},
  organization={IEEE}
}

@inproceedings{choi2013rgb,
  title={RGB-D object tracking: A particle filter approach on GPU},
  author={Choi, Changhyun and Christensen, Henrik I},
  booktitle={Intelligent Robots and Systems (IROS), 2013 IEEE/RSJ International Conference on},
  pages={1084--1091},
  year={2013},
  organization={IEEE}
}

@inproceedings{mishra2009active,
  title={Active segmentation for robotics},
  author={Mishra, Ajay and Aloimonos, Yiannis and Fermuller, Cornelia},
  booktitle={Intelligent Robots and Systems, 2009. IROS 2009. IEEE/RSJ International Conference on},
  pages={3133--3139},
  year={2009},
  organization={IEEE}
}

@inproceedings{yuheng2013star3d,
  title={Star3d: Simultaneous tracking and reconstruction of 3d objects using rgb-d data},
  author={Yuheng Ren, Carl and Prisacariu, Victor and Murray, David and Reid, Ian},
  booktitle={Proceedings of the IEEE International Conference on Computer Vision},
  pages={1561--1568},
  year={2013}
}

@inproceedings{herbst2014toward,
  title={Toward online 3-d object segmentation and mapping},
  author={Herbst, Evan and Henry, Peter and Fox, Dieter},
  booktitle={Robotics and Automation (ICRA), 2014 IEEE International Conference on},
  pages={3193--3200},
  year={2014},
  organization={IEEE}
}

@inproceedings{pomerleau2011tracking,
  title={Tracking a depth camera: Parameter exploration for fast ICP},
  author={Pomerleau, Fran{\c{c}}ois and Magnenat, St{\'e}phane and Colas, Francis and Liu, Ming and Siegwart, Roland},
  booktitle={Intelligent Robots and Systems (IROS), 2011 IEEE/RSJ International Conference on},
  pages={3824--3829},
  year={2011},
  organization={IEEE}
}

@inproceedings{huang2012occlusion,
  title={Occlusion-aware reconstruction and manipulation of 3d articulated objects},
  author={Huang, Xiaoxia and Walker, Ian and Birchfield, Stan},
  booktitle={Robotics and Automation (ICRA), 2012 IEEE International Conference on},
  pages={1365--1371},
  year={2012},
  organization={IEEE}
}

@article{urgen2009learning,
  title={Learning kinematic models for articulated objects},
  author={ Sturm, J and Pradeep, Vijay and Stachniss, Cyrill and Plagemann, Christian and Konolige, Kurt and Burgard, Wolfram},
  year={2009}
}

@inproceedings{kenney2009interactive,
  title={Interactive segmentation for manipulation in unstructured environments},
  author={Kenney, Jacqueline and Buckley, Thomas and Brock, Oliver},
  booktitle={Robotics and Automation, 2009. ICRA'09. IEEE International Conference on},
  pages={1377--1382},
  year={2009},
  organization={IEEE}
}

@inproceedings{yan2006automatic,
  title={Automatic kinematic chain building from feature trajectories of articulated objects},
  author={Yan, Jingyu and Pollefeys, Marc},
  booktitle={Computer Vision and Pattern Recognition, 2006 IEEE Computer Society Conference on},
  volume={1},
  pages={712--719},
  year={2006},
  organization={IEEE}
}

@article{ross2008unsupervised,
  title={Unsupervised learning of skeletons from motion},
  author={Ross, David and Tarlow, Daniel and Zemel, Richard},
  journal={Computer Vision--ECCV 2008},
  pages={560--573},
  year={2008},
  publisher={Springer}
}

@article{felzenszwalb2004efficient,
  title={Efficient graph-based image segmentation},
  author={Felzenszwalb, Pedro F and Huttenlocher, Daniel P},
  journal={International journal of computer vision},
  volume={59},
  number={2},
  pages={167--181},
  year={2004},
  publisher={Springer}
}

@inproceedings{papon2013voxel,
  title={Voxel cloud connectivity segmentation-supervoxels for point clouds},
  author={Papon, Jeremie and Abramov, Alexey and Schoeler, Markus and Worgotter, Florentin},
  booktitle={Proceedings of the IEEE Conference on Computer Vision and Pattern Recognition},
  pages={2027--2034},
  year={2013}
}

@article{chien2002efficient,
  title={Efficient moving object segmentation algorithm using background registration technique},
  author={Chien, Shao-Yi and Ma, Shyh-Yih and Chen, Liang-Gee},
  journal={IEEE Transactions on Circuits and Systems for Video Technology},
  volume={12},
  number={7},
  pages={577--586},
  year={2002},
  publisher={IEEE}
}

@inproceedings{stuckler2013efficient,
  title={Efficient Dense 3D Rigid-Body Motion Segmentation in RGB-D Video.},
  author={St{\"u}ckler, J{\"o}rg and Behnke, Sven},
  booktitle={BMVC},
  year={2013}
}

@article{ochs2014segmentation,
  title={Segmentation of moving objects by long term video analysis},
  author={Ochs, Peter and Malik, Jitendra and Brox, Thomas},
  journal={IEEE transactions on pattern analysis and machine intelligence},
  volume={36},
  number={6},
  pages={1187--1200},
  year={2014},
  publisher={IEEE}
}

@inproceedings{wise2016fetch,
  title={Fetch and freight: Standard platforms for service robot applications},
  author={Wise, Melonee and Ferguson, Michael and King, Derek and Diehr, Eric and Dymesich, David},
  booktitle={Workshop on Autonomous Mobile Service Robots},
  year={2016}
}

@misc{AsusXiton,
title={RGB and Depth Sensor},
author={ASUS},
month = April,
year={2017},
url={https://www.asus.com/us/3D-Sensor/Xtion_PRO_LIVE/},
}

@misc{ROS,
title={Open-source, meta-operating system for robots},
author={ROS},
month = April,
year={2017},
url={http://www.ros.org/},
}